@book{fabozzi2007,
  title={Fixed Income Analysis},
  author={Fabozzi, F.J. and Leibowitz, M.L.},
  isbn={9780470107843},
  lccn={2006052818},
  series={CFA Institute Investment Series},
  url={https://books.google.si/books?id=lujLawVLS3YC},
  year={2007},
  publisher={Wiley}
}

@misc{investopedia, 
  author = {Murphy, Chris B.},
  title = {Interest Rate Options Definition},
  howpublished = {\url{https://www.investopedia.com/terms/i/interestrateoptions.asp}},
  note={Dostopano: 2020}
}
